<?xml version="1.0" encoding="UTF-8"?><collection xmlns="http://www.loc.gov/MARC21/slim"><record><leader>00604nam--2200181-i-4500</leader><controlfield tag="001">000016185</controlfield><controlfield tag="002">20161230</controlfield><controlfield tag="005">20161230201031</controlfield><controlfield tag="008">060222s1000------------r-----000-0-fre-d</controlfield><datafield ind1=" " ind2=" " tag="040"><subfield code="a">IFIN-HH</subfield></datafield><datafield ind1=" " ind2=" " tag="041"><subfield code="a">fre</subfield></datafield><datafield ind1=" " ind2=" " tag="080"><subfield code="a">539.184.3(043)</subfield></datafield><datafield ind1="1" ind2=" " tag="100"><subfield code="a">Blaise, Guy</subfield></datafield><datafield ind1="1" ind2="0" tag="245"><subfield code="a">Processus de formation dions a partir datomes ejectes dans des eetats auto-ionisants lors de la pulverisation cathodique des metaux de transition et de leurs alliages</subfield><subfield code="b">These</subfield><subfield code="c">Guy blaise</subfield></datafield><datafield ind1=" " ind2=" " tag="260"><subfield code="a">Orsay</subfield><subfield code="b">Universite De Paris-sud</subfield><subfield code="c">1972</subfield></datafield><datafield ind1=" " ind2=" " tag="300"><subfield code="a">114 P.+ A 31</subfield></datafield><datafield ind1=" " ind2=" " tag="852"><subfield code="a">77766</subfield><subfield code="c">539.18</subfield></datafield><datafield ind1=" " ind2=" " tag="CAT"><subfield code="a">Sys</subfield><subfield code="c">20120711</subfield><subfield code="h">165132</subfield></datafield></record></collection>